<record><leader>00000cas a22000007a 4500</leader><controlfield tag="001">23453248</controlfield><controlfield tag="008">910411d191119uupr ir ne      0    0spa d</controlfield><datafield ind1=" " ind2=" " tag="010"><subfield code="a">sn 91099725 </subfield></datafield><datafield ind1=" " ind2=" " tag="040"><subfield code="a">PNN</subfield><subfield code="b">eng</subfield><subfield code="c">PNN</subfield><subfield code="d">OCLCQ</subfield></datafield><datafield ind1=" " ind2=" " tag="042"><subfield code="a">msc</subfield></datafield><datafield ind1="0" ind2=" " tag="130"><subfield code="a">Imparcial (Bayamo&#769;n, P.R. : 1911)</subfield></datafield><datafield ind1="1" ind2="3" tag="245"><subfield code="a">El imparcial.</subfield></datafield><datafield ind1=" " ind2=" " tag="260"><subfield code="a">Bayamo&#769;n, P.R. :</subfield><subfield code="b">[s.n.]</subfield></datafield><datafield ind1=" " ind2=" " tag="300"><subfield code="a">v.</subfield></datafield><datafield ind1=" " ind2=" " tag="310"><subfield code="a">Triweekly</subfield></datafield><datafield ind1="0" ind2=" " tag="362"><subfield code="a">Vol. 1, Nu&#769;m. 1 (1 de noviembre de 1911)-</subfield></datafield><datafield ind1=" " ind2=" " tag="500"><subfield code="a">"Trisemanario genuinamente independiente, eco de la opinio&#769;n pu&#769;blica."</subfield></datafield><datafield ind1=" " ind2=" " tag="752"><subfield code="a">United States</subfield><subfield code="b">Puerto Rico</subfield><subfield code="d">Bayamo&#769;n.</subfield></datafield><datafield ind1="1" ind2=" " tag="029"><subfield code="a">AU@</subfield><subfield code="b">000025880468</subfield></datafield></record>